@article{Valeur2011,
    title = {{A brief history of fluorescence and phosphorescence before the emergence of quantum theory}},
    year = {2011},
    journal = {J. Chem. Educ.},
    author = {Valeur, Bernard and Berberan-Santos, Mário N.},
    number = {6},
    pages = {731--738},
    volume = {88},
    isbn = {0021-9584},
    doi = {10.1021/ed100182h},
    issn = {00219584},
    keywords = {Analytical chemistry, Fluorescence spectroscopy, General public, History/philosophy, Physical chemistry, Quantitative analysis, Textbooks/reference books, Upper-division undergraduate}
}

@article{Forster1969,
    title = {{Excimers}},
    year = {1969},
    journal = {Angew. Chem. Int. Ed. Engl.},
    author = {F{\"{o}}rster, Th},
    number = {5},
    pages = {333--343},
    volume = {8},
    isbn = {1521-3773},
    doi = {10.1002/anie.196903331},
    issn = {1521-3773}
}

@article{Dommett2017,
    title = {{Excited state proton transfer in 2′-hydroxychalcone derivatives}},
    year = {2017},
    journal = {Phys. Chem. Chem. Phys.},
    author = {Dommett, Michael and Crespo-Otero, Rachel},
    pages = {2409--2416},
    volume = {19},
    publisher = {Royal Society of Chemistry},
    url = {http://xlink.rsc.org/?DOI=C6CP07541J},
    doi = {10.1039/C6CP07541J},
    issn = {1463-9076}
}

@article{Dommett2017b,
    title = {{How Inter- and Intramolecular Processes Dictate Aggregation-Induced Emission in Crystals Undergoing Excited-State Proton Transfer}},
    year = {2017},
    journal = {J. Phys. Chem. Lett},
    author = {Dommett, Michael and Rivera, Miguel and Crespo-Otero, Rachel},
    pages = {6148--6153},
    url = {http://pubs.acs.org/doi/10.1021/acs.jpclett.7b02893},
    doi = {10.1021/acs.jpclett.7b02893},
    issn = {1948-7185}
}

@article{Forster1954,
    title = {{Konzentrationsabh{\"{a}}ngigkeit Fluoreszenzspek-}},
    year = {1954},
    journal = {Z. Phys. Chem. N. F.},
    author = {Th. Forster, K. Kasper},
    pages = {275--276},
    volume = {1}
}

@article{Ostroverkhova2016,
    title = {{Organic Optoelectronic Materials: Mechanisms and Applications}},
    year = {2016},
    journal = {Chemical Reviews},
    author = {Ostroverkhova, Oksana},
    number = {22},
    pages = {13279--13412},
    volume = {116},
    isbn = {0009-2665},
    doi = {10.1021/acs.chemrev.6b00127},
    issn = {15206890},
    pmid = {27723323}
}